@online{cs61c,
   author = {CS 61C},
   journal = {Berkeley},
   title = {Project 4: Performance Programming},
   url = {https://inst.eecs.berkeley.edu/~cs61c/sp19/projects/proj4/},
}

@thesis{kriz-learning,
  title={Learning multiple layers of features from tiny images},
  author={Krizhevsky, Alex and Hinton, Geoffrey and others},
  year={2009},
  publisher={Toronto, ON, Canada}
}

@report{convnet,
  title={Convolutional Neural Networks for Object Classification in CUDA},
  author={Krizhevsky, Alex},
  journal={University of Toronto, EECE1742S: Programming Massively Parallel Multiprocessors Using CUDA},
  year={2009}
}

@online{llnl,
    author        = {{HPC @ LLNL}},
    title         = {Introduction to parallel computing tutorial},
    url           = {https://hpc.llnl.gov/documentation/tutorials/introduction-parallel-computing-tutorial}
}

@online{cpudb,
    author = {Stanford Edu},
    title = {CPU Database},
    url = {http://cpudb.stanford.edu/}
}

@online{cs231n,
    author = {CS231n},
    title = {Convolutional Neural Networks for Visual Recognition},
    url = { http://cs231n.github.io}
}

@online{udacity,
    author = {Udacity},
    title = {CS344: Intro to Parallel Programming},
    url = {https://youtube.com/playlist?list=PLAwxTw4SYaPm0z11jGTXRF7RuEEAgsIwH}
}

@online{cifar,
    author = { Krizhevsky,Alex and
    Nair,Vinod and Hinton,Geoffrey},
    title = {The CIFAR-10 dataset},
    url = {https://www.cs.toronto.edu/~kriz/cifar.html}
}

@online{sp19-proj4,
    author={GitHub},
    title = {Starter code for CS 61C Project 4 (Performance Programming) for the Spring 2019 semester},
    url = {https://github.com/61c-teach/sp19-proj4-starter}
}

